# Página web (Wikipedia)
@misc{EulerWiki,
  author = {Wikipedia},
  title = {{L}eonhard {E}uler --- {W}ikipedia{,} The Free Encyclopedia},
  year = {2023},
  howpublished={\url{https://en.wikipedia.org/wiki/Leonhard_Euler}},
  url={\url{https://en.wikipedia.org/wiki/Leonhard_Euler}},
  note={[Recurso online, accedido el 27 de julio de 2023]}
}

# Libro
@book{Aigner2018,
  author = {Aigner, Martin and Ziegler, Günter M.},
  title = {Proofs from {T}he {B}ook},
  edition = {Fifth},
  note = {Including illustrations by Karl H. Hofmann},
  publisher = {Springer-Verlag, Berlin},
  year = {2014},
  pages = {viii+308},
  isbn = {978-3-662-44204-3; 978-3-662-44205-0},
  doi = {10.1007/978-3-662-44205-0},
  url = {https://doi.org/10.1007/978-3-662-44205-0}
}

# Libro
@book{DanskinTeoremaMaxMin,
  author = {Danskin, J.},
  title = {{The Theory of Max-Min and its Application to Weapons Allocation Problem}},
  year = {1967},
  edition = {First},
  publisher = {Springer},
  isbn = {978-3540039433}
}

# Libro
@book{matesModernasDL,
  author = {Grohs, P. and Kutyniok, G.},
  title = {{Mathematical Aspects of Deep Learning}},
  year = {2023},
  edition = {Second},
  publisher = {Cambridge University Press},
  isbn = {978-1-316-51678-2}
}

# Libro
@book{demoNFL,
  author = {Devroye, L. and Györfi, L. and Lugosi, G.},
  title = {{A Probabilistic Theory of Pattern Recognition}},
  year = {1997},
  edition = {Fifth},
  publisher = {Springer-Verlag Berlin and Heidelberg GmbH},
  pages = {114-117},
  isbn = {978-3540039433}
}

# Libro
@book{LibroAdvMachL,
  author = {Joseph, A. and Nelson, B. and Rubinstein, B. and Tygar, J.},
  title = {{Adversarial Machine Learning}},
  year = {2019},
  edition = {First},
  publisher = {Cambridge University Press},
  isbn = {978-1-107-04346-6},
  doi = {10.1017/9781107338548}
}

# Artículo
@article{Euler1985,
  author = {Euler, Leonhard},
  title = {{An essay on continued fractions}},
  note = {Translated from the Latin by B. F. Wyman and M. F. Wyman},
  journal = {Math. Systems Theory},
  fjournal = {Mathematical Systems Theory. An International Journal on Mathematical Computing Theory},
  volume = {18},
  year = {1985},
  number = {4},
  pages = {295--328},
  issn = {0025-5661},
  doi = {10.1007/BF01699475},
  url = {https://doi.org/10.1007/BF01699475}
}

# Artículo
@article{ArtCentralInfo,
  author = {Zhou, S. and Liu, C. and Ye, D. and Zhu, T. and Zhou, W. and Yu, P. S.},
  title = {{Adversarial Attacks and Defenses in Deep Learning: From a Perspective of Cybersecurity}},
  year = {2022},
  journal = {ACM Computing Surveys},
  pages = {163-202},
  volume = {55},
  number = {8}
}

# Artículo
@article{RequiresDataLudwig,
  author = {Ludwig, S. and Shibani, S. and Dimitris, T. and Kunal, T. and Aleksander, M.},
  title = {{Adversarially Robust Generalization Requires More Data}},
  year = {2018},
  journal = {{Proceedings of the NeurIPS}},
  issn = {1804.11285}
}

# Artículo
@article{LimitsAdvers,
  author = {Dimitrios, D. and Saeed, M. and Mohammad, M.},
  title = {{Adversarial Risk and Robustness: General Definitions and Implications for the Uniform Distribution}},
  journal = {{Proceedings of the NeurIPS}},
  issn = {1810.12272}
}

# Artículo
@article{GoodfLAdvers,
  author = {Goodfellow, I. and Shlens, J. and Szegedy, C.},
  title = {{Explaining and harnessing adversarial examples}},
  year = {2015},
  journal = {{Proceedings of the ICLR}},
  isbn = {1412.6572}
}

# Artículo
@article{UnavodibleAdvers,
  author = {Carl-Johann, S.-G. and Yann, O. and Bernhard, S. and Léon, B. and Lopez-Paz, D.},
  title = {{First-order Adversarial Vulnerability of Neural Networks and Input Dimension}},
  year = {2019},
  journal = {{Proceedings of the PMLR}},
  pages = {5809-5817}
}

# Artículo
@article{LyuLAdvers,
  author = {Lyu, C. and Huang, K. and Liang, H.-N.},
  title = {{A unified gradient regularization family for adversarial examples}},
  year = {2015},
  journal = {{Proceedings of the ICDM},
  pages = {301-309}
}

# Artículo
@article{SinhaLAdvers,
  author = {Sinha, A. and Namkoong, H. and Duchi, J.},
  title = {{Certifiable distributional robustness with principled adversarial training}},
  year = {2018},
  journal = {{arXiv:1710.10571}},
}

# Artículo
@article{HeLAdvers,
  author = {He, K. and Zhang, X. and Ren, S. and Sun, J.},
  title = {{Delving deep into rectifiers: Surpassing humans-level performance on imagenet classification}},
  year = {2015},
  journal = {{arXiv:1502.01852}},
}

# Artículo
@article{BalduzziLAdvers,
  author = {Balduzzi, D. and McWilliams, B. and Butler-Yeoman, T.},
  title = {{Neural Taylor Approximations: Convergence and Exploration in Rectifier Networks}},
  year = {2017},
  journal = {{Proceedings of the PMLR}},
  issn = {1611.02345}
}

# Artículo
@article{ShafahiDebilDist,
  author = {Ali, S. and Ronny, H. and Christoph, S. and Soheil, F. and Tom, G.},
  title = {{Are Adversarial Examples Inevitable?}},
  year = {2018},
  journal = {{arXiv:1809.02104}},
}

# Artículo
@article{NoRobustFeatures,
  author = {Andrew, I. and Shibani, S. and Dimitris, T. and Logan, E. and Brandom, T. and Aleksander, M.},
  title = {{Adversarial Examples Are Not Bugs, They Are Features}},
  year = {2019},
  journal = {{arXiv:1905.02175}},
}

# Artículo
@article{ImageProp,
  author = {Wang, H. and Wu, X. and Huang, Z. and Xing, E. P.},
  title = {{High-frequency component helps explain the generalization of convolutional neural networks}},
  year = {2020},
  journal = {{Proceedings of the IEEE/CVF}},
  pages = {8684-8694}
}

# Artículo
@article{AbPatternSubspace,
  author = {Cohen, G. and Sapiro, G. and Giryes, R.},
  title = {{Detecting adversarial samples using influence functions and nearest neighbors}},
  year = {2020},
  journal = {{Proceedings of the IEEE/CVF}},
  pages = {14453-14462}
}

# Artículo
@article{DataManifold,
  author = {Szegedy, C. and Zaremba, W. and Sutskever, I. and Bruna, J. and Erhan, D. and Goodfellow, I. and Fergus, R.},
  title = {{Intriguing properties of neuronal networks}},
  year = {2014},
  journal = {{arXiv:1312.6199}},
}

# Artículo
@article{AbnorPatterns,
  author = {Xie, C. and Wu, Y. and van der Maaten, L. and Yuille, A. L. and He, K.},
  title = {{Feature denoising for improving adversarial robustness}},
  year = {2019},
  journal = {{Proceedings of the IEEE/CVF}},
  pages = {501-509}
}

# Artículo
@article{BatchReg,
  author = {Ross, A. S. and Doshi-Velez, F.},
  title = {{Improving the Adversarial Robustness and Interpretability of Deep Neural Networks by Regularizing their Input Gradients}},
  year = {2018},
  journal = {{Proceedings of the AAAI}}
}

# Artículo
@article{Simil,
  author = {Tramèr, F. and Papernot, N. and Goodfellow, I. and Bonech, D. and McDaniel, P.},
  title = {{The Space of Transferable Adversarial Examples}},
  year = {2017},
  journal = {{arXiv:1704.03453}},
}

# Artículo
@article{CURVATURE,
  author = {Fawzi, A. and Moosavi-Dezfooli, S.-M. and Frossard, P.},
  title = {{Robustness of Classifiers: from Adversarial to Random Noise}},
  year = {2016},
  journal = {{Proceedings of the NIPS}},
}

# Artículo
@article{Criticneur,
  author = {Tao, G. and Ma, S. and Liu, Y. and Zhang, X.},
  title = {{Attacks meet Interpretability: Attribute-Steered Detection of Adversarial Examples}},
  year = {2018},
  journal = {{Proceedings of the NeurIPS}},
}

# Artículo
@article{HiddenNeur,
  author = {Zhao, C. and Fletcher, P. T. and Yu, M. and Peng, Y. and Zhang, G. and Shen, C.},
  title = {{The Adversarial Attack and Detection under the Fisher Information Metric}},
  year = {2019},
  journal = {{Proceedings of the AAAI}},
  pages = {5869-5876}
}

# Artículo
@article{FActivation,
  author = {Daniely, A. and Schacham, H.},
  title = {{Most ReLU Networks Suffer from l2 Adversarial Perturbations}},
  year = {2020},
  journal = {{Proceedings of the NeurIPS}},
}

# Artículo
@article{Partic,
  author = {Bubeck, S. and Lee, Y. T. and Price, E. and Razenshteyn, I.},
  title = {{Adversarial Examples from Computational Constraints}},
  year = {2019},
  journal = {{arXiv:1805.10204}},
}

# Artículo
@article{LossFunc,
  author = {Nar, K. and Ocal, O. and Shankar Sastry, S. and Ramchandran, K.},
  title = {Cross-Entropy Loss and Low-Rank Features Have Responsibility for Adversarial Examples},
  year = {2019},
  journal = {{arXiv:1901.08360}},
}

# Artículo
@article{LossFunc1,
  author = {Krizhevsky, A. and Sutskever, I. and Hinton, E. G.},
  title = {{Imagenet Classification with Deep Convolutional Neural Networks}},
  year = {2012},
  journal = {{ACM Computing Surveys}}
}

# Artículo
@article{LossFunc2,
  author = {Simonyan, K. and Zisserman, A.},
  title = {{Very Deep Convolutional Networks for large-scale Image Recognition},
  year = {2014},
  journal = {{arXiv:1409.1556}},
}

# Artículo
@article{LossFunc3,
  author = {He, K. and Zhang, X. and Ren, S. and Sun, J.},
  title = {{Deep Residual Learning for Image Recognition}},
  year = {2016},
  journal = {{arXiv:1512.03385}},
}

# Artículo
@article{ThForLemma,
  author = {Soudry, D. and Hoffer, E. and Nacson, M. and Srebro, N.},
  title = {{The implicit Bias of Gradient Descent on Separable Data}},
  year = {2018},
  journal = {{Proceedings of the JMLR}},
}

# Artículo
@article{SupportLossFunc,
  author = {Martin, C. H. and Mahoney, W. M.},
  title = {{Implicit Self-Regularization in Deep Neural Networks. Evidence from Random Matrix Theory and Implications for Learning}},
  year = {2018},
  journal = {{Proceedings of the PMLR}},
}

# Artículo
@article{SuperfDecision,
  author = {Yu, F. and Qin, Z. and Liu, C. and Zhao, L. and Wang, Y. and Chen, X.},
  title = {{Interpreting and Evaluating Neural Network Robustness}},
  year = {2019},
  journal = {{arXiv:1905.04270}},
}

# Artículo
@article{TopoAlg,
  author = {Corneanu, C. A. and Madadi, M. and Escalera, S. and Martines, A. M.},
  title = {{What does it mean to learn in Deep Networks? And, how does One detect Adversarial Attacks?}},
  year = {2019},
  journla = {{Proceedings of the IEEE/CVPR}}
}

# Artículo
@article{TeoJuegos,
  author = {Wang, X. and Ren, J. and Lin, S. and Zhu, X. and Wang, Y. and Zhang, Q.},
  title = {{A Unified Approach to Interpreting and Boosting Adversarial Transferability}},
  year = {2021},
  journal = {{Proceedings of the ICLR}},
}

# Artículo
@article{RelatDimensAdvEx,
  author = {Gilmer, J. and Metz, L. and Faghri, F. and Schoenholz, S. S. and Raghu, M. and Wattenberg, M. and Goodfellow, I.},
  title = {{The Relationship between High-Dimensional Geometry and Adversarial Examples}},
  year = {2018},
  journal = {{arXiv:1801.02774}},
}

#-----------------------------------------------------

# Artículo
@article{FundLimits,
  author = {Fawzi, A. and Fawzi, O. and Frossard, P.},
  title = {{Fundamental Limits on Adversarial Robustness}},
  year = {2015},
  journal = {{Proceedings og the ICML}},
}

# Artículo
@article{CentralMates,
  author = {Han, S. and Lin, C. and Shen, C. and Wang, Q. and Guan, X.},
  title = {{Interpreting Adversarial Examples in Deep Learning}},
  journal = {{ACM Computing Surveys}},
  pages = {1-36},
  volume = {55},
  number = {8}
}

# Artículo
@article{TroyanoCausativo,
  author = {Liu, Y. and Ma, S. and Aafer, Y. and Lee, W.-C. and Zhai, J. and Wang, W. and Zhang, X.},
  title = {{Trojaning Attack on Neural Networks}},
  year = {2018},
  journal = {{Proceedings of the NDSS}},
}

# Artículo
@article{Backdoor,
  author = {Chen, X. and Liu, C. and Li, B. and Lu, K. and Song, D.},
  title = {Targeted Backdoor Attacks on Deep Learning Systems Using Data Poisoning},
  year = {2017},
  journal = {arXiv:1712.05526}
}

# Artículo
@article{BadNets,
  author = {Gu, T. and Liu, K. and Dolan-Gavitt, B. and Garg, S.},
  title = {BadNets: Evaluating Backdooring Attacks on Deep Neural Networks},
  year = {2019},
  journal = {{IEEE Access}},
  volume = {7},
  pages = {47230-47244}
}

# Artículo
@article{GAN,
  author = {Goodfellow, I. and Pouget-Abadie, J. and Mirza, M. and Xu, B. and Warde-Farley, D. and Ozair, S. and Courville, A. and Bengio, Y.},
  title = {{Generative Adversarial Nets}},
  year = {2014},
  journal = {Proceedings of the NeurIPS}
}

# Artículo
@article{Clustering,
  author = {Taheri, R. and Javidan, R. and Shojafar, M. and Pooranian, Z. and Miri, A. and Conti, M.},
  title = {{On Defending Against Label Flipping Attacks on Malware Detection Systems}},
  year = {2020},
  journal = {{arXiv:1908.04473v3}}
}

# Artículo
@article{AgregFinita,
  author = {Wang, W. and Levine, A. and Feizi, S.},
  title = {{Improved Certified Defenses against Data Poisoning with (Deterministic) Finite Aggregation}},
  year = {2022},
  journal = {{Proceedings of the PMLR}}
}

# Artículo
@article{DPA,
  author = {Levine, A. and Feizi, S.},
  title = {{Deep Partition Aggregation: Provable Defenses against General Poisoning Attacks}},
  year = {2021},
  journal = {{Proceedings of the ICLR}},
}

# Artículo
@article{LocalSearchAdv,
  author = {Narodytska, N. and Kasiviswanathan, S. P.},
  title = {Simple Black-Box Adversarial Perturbations for Deep Networks},
  year = {2016},
  journal = {{arXiv:1612.06299}},
}

# Artículo
@article{RGF,
  author = {Cheng, M. and Le, T. and Chen, P.-Y. and Yi, J. and Zhang, H. and Hsieh, C.-J.},
  title = {Query-Efficient Hard-label Black-box Attack: An Optimization-based Approach},
  year = {2018},
  journal = {{arXiv:1807.04457}},
}

# Artículo
@article{RGF_FREE,
  author = {Nesterov, Y. and Spokoiny, V.},
  title = {Random Gradient-Free Minimization of Convex Functions},
  journal = {Foundations of Computational Mathematics},
  pages = {527-566},
  year = {2017}
}

# Artículo
@article{InversionModelo,
  author = {Zhang, Y. and Jia, R. and Pei, H. and Wang, W. and Li, B. and Song, D.},
  title = {The Secret Revealer: Generative Model-Inversion Attacks against Deep Neural Networks},
  year = {2020},
  journal = {arXiv:1911.07135},
}

# Artículo
@article{ProblBiolGMI,
  author = {Fredrikson, M. and Lantz, E. and Jha, S. and Lin, S. and Page, D. and Ristenpart, T.},
  title = {{Privacy in Pharmaco-Genetics: An End-to-End Case Study of Personalized Warfarin Dosing}},
  edition = {23},
  journal = {Global Security Symposium},
  pages = {17-32},
  year = {2014}
}

# Artículo
@article{PromptInject,
  author = {Rossi, S. and Michel, A. M. and Mukkamala, R. R. and Thatcher, J. B.},
  title = {An Early Categorization of Prompt Injection Attacks on Large Language Models},
  year = {2024},
  journal = {arXiv:2402.00898},
}

# Artículo
@article{PromptEjemplo,
  author = {Greshake, K. and Abdelnabi, S. and Mishra, S. and Endres, C. and Holz, T. and Fritz, M.},
  title = {Not What You've Signed Up for: Compromising Real-World LLM-Integrated Applications with Indirect Prompt Injection},
  year = {2023},
  journal = {arXiv:2302.12173},
}

# Artículo
@article{DeepFoly,
  author = {Singh, G. and Gehr, T. and Püschel, M. and Vechev, M.},
  title = {An Abstract Domain for Certifying Neural Networks},
  year = {2019},
  journal = {Proceedings of the ACM on Programming Languages},
  volume = {3},
  number = {41},
  pages = {1-30},
}

# Artículo
@article{Certif1,
  author = {Weng, T.-W. and Zhang, H. and Chen, H. and Song, Z. and Hsieh, C.-J. and Daniel, L. and Boning, D. and Dhillon, I.},
  title = {{Towards Fast Computation of Certified Robustness for ReLU Networks}},
  journal = {Proceedings of the ICML},
  pages = {5273-5282},
  year = {2018}
}

# Artículo
@article{Certif2,
  author = {Gehr, T. and Mirman, M. and Drachsler-Cohen, D. and Tsankov, P. and Chaudhuri, S. and Vechev, M.},
  title = {Safety and Robustness Certification of Neural Networks with Abstract Interpretation},
  year = {2018},
  journal = {Proceedings of the IEEE/SSP},
  pages = {948-963}
}

# Artículo
@article{Certif3,
  author = {Singh, G. and Gehr, T. and Mirman, M. and Püschel, M. and Vechev, M.},
  title = {Fast and Effective Robustness Certification},
  year = {2018},
  journal = {Proceedings of the NIPS}
}

# Artículo
@article{CertifRuido,
  author = {Cohen, J. and Rosenfeld, E. and Kolter, J. Z.},
  title = {Certified Adversarial Robustness via Randomized Smoothing},
  year = {2019},
  journal = {Proceedings of the ICML},
}

# Artículo
@article{CertifRuido2,
  author = {Hung, K. and Fithian, W.},
  title = {Rank Verification for Exponential Families},
  journal = {The Annals of Statistics},
  pages = {758-782},
  year = {2019}
}

# Github red usada
@misc{GithubRef,
  author = {AdrianeAM},
  title = {LeNet-based Model},
  year = {2019},
  howpublished = {\url{https://github.com/AridaneAM/OpenCV-senales-de-trafico}},
  url = {\url{https://github.com/AridaneAM/OpenCV-senales-de-trafico}}
}

# Web de donde obtengo los datos
@misc{DatosRed,
  author = {Slim, J.},
  title = {German Traffic Signs},
  year = {2018},
  howpublished = {\url{https://bitbucket.org/jadslim/german-traffic-signs/src/master/}},
  url = {\url{https://bitbucket.org/jadslim/german-traffic-signs/src/master/}}
}

# Github propio
@misc{MiGithub,
  author = {Rodríguez-Gallardo, A.},
  title = {Implementation of Algorithms},
  year = {2024},
  howpublished = {\url{https://github.com/AlvaroRodriguezGallardo/TFG-Security-and-Robustness-of-Deep-Learning-based-Models}},
  url = {\url{https://github.com/AlvaroRodriguezGallardo/TFG-Security-and-Robustness-of-Deep-Learning-based-Models}},
  note = {Accesed: 2024-4-20}
}

# Tesis
@phdthesis{CitekeyPhdthesis,
  author = {Rempel, Robert Charles},
  title = {Relaxation Effects for Coupled Nuclear Spins},
  school = {Stanford University},
  address = {Stanford, CA},
  year = {1956},
  month = jun
}

# Trabajo fin de máster
@mastersthesis{CitekeyMastersthesis,
  author = {Tang, Jian},
  title = {Spin structure of the nucleon in the asymptotic limit},
  school = {Massachusetts Institute of Technology},
  year = {1996},
  address = {Cambridge, MA},
  month = sep
}

# Trabajo fin de máster
@mastersthesis{RodrigoTFM,
  author = {Orellana Flores, R.},
  title = {Seguridad en redes neuronales artificiales: Vulnerabilidades y contramedidas},
  school = {Universidad de Granada},
  year = {2020}
}

# Trabajo fin de grado
@thesis{CiteKeyBachelorsthesis,
  author = {Doe, John},
  title = {Are we living in a simulation?},
  school = {Massachusetts Institute of Technology},
  year = {2003},
  address = {Cambridge, MA},
  month = jul,
  type = {Bachelor's Thesis},
  note = {Bachelor's Thesis, Massachusetts Institute of Technology, Cambridge, MA.}
}

# Artículo no publicado
@misc{castroinfantes2022conjugate,
  title = {Conjugate Plateau constructions in product spaces},
  author = {Castro-Infantes, Jesús and Manzano, José M. and Torralbo, Francisco},
  year = {2022},
  eprint = {2203.13162},
  archivePrefix = {arXiv},
  primaryClass = {math.DG},
  note = {Preprint. arXiv: 2203.13162 [math.DG]}
}
